@article{Paasch:2014:MT:2580723.2578901,
 author = {Paasch, Christoph and Bonaventure, Olivier},
 title = {Multipath TCP},
 journal = {Commun. ACM},
 issue_date = {April 2014},
 volume = {57},
 number = {4},
 month = apr,
 year = {2014},
 issn = {0001-0782},
 pages = {51--57},
 numpages = {7},
 url = {http://doi.acm.org/10.1145/2578901},
 doi = {10.1145/2578901},
 acmid = {2578901},
 publisher = {ACM},
 address = {New York, NY, USA},
} 

@article{Raiciu:2011,
 author = {Raiciu, C. Handley, M. and D. Wischik},
 title = {Coupled Congestion Control for Multipath Transport Protocols},
 journal = {RFC},
 issue_date = {October 2011},
 month = oct,
 year = {2011},
 issn = {2070-1721},
 url = {https://www.rfc-editor.org/info/rfc6356},
 doi = {10.17487/RFC6356},
 publisher = {FRC},
} 

@inproceedings{Guo:2017:AMT:3117811.3117829,
 author = {Guo, Yihua Ethan and Nikravesh, Ashkan and Mao, Z. Morley and Qian, Feng and Sen, Subhabrata},
 title = {Accelerating Multipath Transport Through Balanced Subflow Completion},
 booktitle = {Proceedings of the 23rd Annual International Conference on Mobile Computing and Networking},
 series = {MobiCom '17},
 year = {2017},
 isbn = {978-1-4503-4916-1},
 location = {Snowbird, Utah, USA},
 pages = {141--153},
 numpages = {13},
 url = {http://doi.acm.org/10.1145/3117811.3117829},
 doi = {10.1145/3117811.3117829},
 acmid = {3117829},
 publisher = {ACM},
 address = {New York, NY, USA},
 keywords = {MPTCP, chunk download, decoupled packet scheduling, mobile networks, multipath scheduler, multipath transport, reinjection, simultaneous subflow completion},
} 

@ARTICLE{1254587, 
author={Shiwen Mao and Shunan Lin and S. S. Panwar and Yao Wang and E. Celebi}, 
journal={IEEE Journal on Selected Areas in Communications}, 
title={Video transport over ad hoc networks: multistream coding with multipath transport}, 
year={2003}, 
volume={21}, 
number={10}, 
pages={1721-1737}, 
keywords={Markov processes;ad hoc networks;mobile radio;motion compensation;multipath channels;video coding;visual communication;IEEE 802.11b cards;Markov channel models;OPNET modeler;ad hoc multiple path video streaming testbed;ad hoc networks;channel fading;error control techniques;error resilient video coding;feedback based reference picture selection;feedback channel;layered coding;mesh topology;motion compensated prediction technique;multipath transport;multiple description motion compensation coding;multistream coding;node mobility;path error characteristics;selective automatic repeat request;transmission error;video coding standards;video coding/transport techniques;wireless links;wireless networks;Ad hoc networks;Automatic repeat request;Error correction;Fading;Feedback;Interference;Motion compensation;Network topology;Video coding;Wireless mesh networks}, 
doi={10.1109/JSAC.2003.815965}, 
ISSN={0733-8716}, 
month={Dec},}